<record><leader>00000cas a22000007a 4500</leader><controlfield tag="001">26986451</controlfield><controlfield tag="008">921117d19231935nyuwr ne      0    0eng d</controlfield><controlfield tag="009">550</controlfield><datafield ind1=" " ind2=" " tag="010"><subfield code="a">sn 93063738 </subfield><subfield code="z">sn 93036738 </subfield></datafield><datafield ind1=" " ind2=" " tag="040"><subfield code="a">NYS</subfield><subfield code="b">eng</subfield><subfield code="c">NYS</subfield><subfield code="d">DLC</subfield><subfield code="d">NYS</subfield><subfield code="d">NYG</subfield><subfield code="d">OCLCQ</subfield></datafield><datafield ind1=" " ind2=" " tag="042"><subfield code="a">msc</subfield></datafield><datafield ind1="0" ind2="0" tag="245"><subfield code="a">Silver Creek times.</subfield></datafield><datafield ind1=" " ind2=" " tag="260"><subfield code="a">Silver Creek, N.Y. :</subfield><subfield code="b">Merritt M. Landon</subfield></datafield><datafield ind1=" " ind2=" " tag="300"><subfield code="a">v.</subfield></datafield><datafield ind1=" " ind2=" " tag="310"><subfield code="a">Weekly</subfield></datafield><datafield ind1="0" ind2=" " tag="362"><subfield code="a">Vol. 1, no. 1 (Aug. 2, 1923)-v. 63, no. 46 (Apr. 25, 1935).</subfield></datafield><datafield ind1=" " ind2="4" tag="651"><subfield code="a">Silver Creek (N.Y.)</subfield><subfield code="v">Newspapers.</subfield></datafield><datafield ind1=" " ind2="4" tag="651"><subfield code="a">Hanover (N.Y.)</subfield><subfield code="v">Newspapers.</subfield></datafield><datafield ind1=" " ind2="4" tag="651"><subfield code="a">Sheridan (N.Y.)</subfield><subfield code="v">Newspapers.</subfield></datafield><datafield ind1=" " ind2="4" tag="651"><subfield code="a">Villanova (N.Y.)</subfield><subfield code="v">Newspapers.</subfield></datafield><datafield ind1=" " ind2="4" tag="651"><subfield code="a">Arkwright (N.Y.)</subfield><subfield code="v">Newspapers.</subfield></datafield><datafield ind1=" " ind2=" " tag="752"><subfield code="a">United States</subfield><subfield code="b">New York</subfield><subfield code="c">Chautauqua</subfield><subfield code="d">Silver Creek.</subfield></datafield><datafield ind1="0" ind2="7" tag="785"><subfield code="t">Silver Creek news</subfield><subfield code="w">(DLC)sn 92062089</subfield><subfield code="w">(OCoLC)26521040</subfield></datafield><datafield ind1="0" ind2="7" tag="785"><subfield code="t">Silver Creek news and times</subfield><subfield code="w">(DLC)sn 93063739</subfield><subfield code="w">(OCoLC)26986324</subfield></datafield></record>